@phdthesis{pfaff2019multitarget,
  title={Multitarget Tracking Using Orientation Estimation for Optical Belt Sorting},
  author={Pfaff, Florian},
  volume={22},
  publisher={KIT Scientific Publishing},
  school       = {Karlsruhe Institute of Technology},
  year         = 2018,
  month        = 11
}

@inproceedings{pfaff2016simulation,
  title={Simulation-based evaluation of predictive tracking for sorting bulk materials},
  author={Pfaff, Florian and Pieper, Christoph and Maier, Georg and Noack, Benjamin and Kruggel-Emden, Harald and Gruna, Robin and Hanebeck, Uwe D and Wirtz, Siegmar and Scherer, Viktor and L{\"a}ngle, Thomas and others},
  booktitle={2016 IEEE International Conference on Multisensor Fusion and Integration for Intelligent Systems (MFI)},
  pages={511--516},
  year={2016},
  organization={IEEE}
}

@inproceedings{pfaff2015tracksort,
  title={TrackSort: Predictive tracking for sorting uncooperative bulk materials},
  author={Pfaff, Florian and Baum, Marcus and Noack, Benjamin and Hanebeck, Uwe D and Gruna, Robin and L{\"a}ngle, Thomas and Beyerer, J{\"u}rgen},
  booktitle={2015 IEEE International Conference on Multisensor Fusion and Integration for Intelligent Systems (MFI)},
  pages={7--12},
  year={2015},
  organization={IEEE}
}

@inproceedings{pfaff2017improving,
  title={Improving multitarget tracking using orientation estimates for sorting bulk materials},
  author={Pfaff, Florian and Kurz, Gerhard and Pieper, Christoph and Maier, Georg and Noack, Benjamin and Kruggel-Emden, Harald and Gruna, Robin and Hanebeck, Uwe D and Wirtz, Siegmar and Scherer, Viktor and others},
  booktitle={2017 IEEE International Conference on Multisensor Fusion and Integration for Intelligent Systems (MFI)},
  pages={553--558},
  year={2017},
  organization={IEEE}
}

@article{pfaff2016improving,
  title={Improving optical sorting of bulk materials using sophisticated motion models},
  author={Pfaff, Florian and Pieper, Christoph and Maier, Georg and Noack, Benjamin and Kruggel-Emden, Harald and Gruna, Robin and Hanebeck, Uwe D and Wirtz, Siegmar and Scherer, Viktor and L{\"a}ngle, Thomas and others},
  journal={tm-Technisches Messen, De Gruyter},
  volume={83},
  number={2},
  pages={77--84},
  year={2016}
}

@misc{welch1995introduction,
  title={An introduction to the {Kalman} filter},
  author={Welch, Greg and Bishop, Gary and others},
  year={1995},
  publisher={Citeseer}
}

@book{edwards2004detecting,
  title={Detecting foreign bodies in food},
  author={Edwards, Mike},
  year={2004},
  publisher={Elsevier}
}


@book{maybeck1982stochastic,
  title={Stochastic models, estimation, and control},
  author={Maybeck, Peter S},
  year={1982},
  publisher={Academic press}
}

@inproceedings{schubert2008comparison,
  title={Comparison and evaluation of advanced motion models for vehicle tracking},
  author={Schubert, Robin and Richter, Eric and Wanielik, Gerd},
  booktitle={11th International Conference on Information Fusion (FUSION)},
  pages={1--6},
  year={2008},
  organization={IEEE}
}

@article{li2003survey,
  title={Survey of maneuvering target tracking. {Part} {I.} {Dynamic} models},
  author={Li, X Rong and Jilkov, Vesselin P},
  journal={IEEE Transactions on aerospace and electronic systems},
  volume={39},
  number={4},
  pages={1333--1364},
  year={2003},
  publisher={IEEE}
}

@article{baisa2020derivation,
  title={Derivation of a Constant Velocity Motion Model for Visual Tracking},
  author={Baisa, Nathanael L},
  journal={arXiv preprint arXiv:2005.00844},
  year={2020}
}

@article{bar2009estimation,
  title={Estimation In The Presence Of Measurement Origin Uncertainty},
  author={Bar-Shalom, Yaakov and Daum, Fred and Huang, Jim},
  journal={IEEE Control Systems Magazine},
  pages={82--100},
  year={2009}
}

@article{cox1993review,
  title={A review of statistical data association techniques for motion correspondence},
  author={Cox, Ingemar J},
  journal={International Journal of Computer Vision},
  volume={10},
  number={1},
  pages={53--66},
  year={1993},
  publisher={Springer}
}

@inproceedings{mahalanobis1936generalized,
  title={On the generalized distance in statistics},
  author={Mahalanobis, Prasanta Chandra},
  year={1936},
  organization={National Institute of Science of India}
}

@inproceedings{claesen2015hyperparameter,
  title={Hyperparameter search in machine learning},
  author={Claesen, Marc and De Moor, Bart},
  booktitle={Proc. of the 11th Metaheuristics International Conference},
  pages={1--5},
  year={2015}
}

@article{ataei2004using,
  title={Using a combination of genetic algorithm and the grid search method to determine optimum cutoff grades of multiple metal deposits},
  author={Ataei, M. and Osanloo, M.},
  journal={International Journal of Surface Mining, Reclamation and Environment},
  volume={18},
  number={1},
  pages={60--78},
  year={2004},
  publisher={Taylor \& Francis}
}

@article{bergstra2012random,
  title={Random search for hyper-parameter optimization},
  author={Bergstra, James and Bengio, Yoshua},
  journal={The Journal of Machine Learning Research},
  volume={13},
  number={1},
  pages={281--305},
  year={2012},
  publisher={JMLR. org}
}

@inproceedings{tahmassebi2019big,
  title={Big data analytics in medical imaging using deep learning},
  author={Tahmassebi, Amirhessam and Ehtemami, Anahid and Mohebali, Behshad and Gandomi, Amir H and Pinker, Katja and Meyer-Baese, Anke},
  booktitle={Big Data: Learning, Analytics, and Applications},
  volume={10989},
  pages={109890E},
  year={2019},
  organization={International Society for Optics and Photonics}
}

@incollection{feurer2019hyperparameter,
  title={Hyperparameter optimization},
  author={Feurer, Matthias and Hutter, Frank},
  booktitle={Automated Machine Learning},
  pages={3--33},
  year={2019},
  publisher={Springer, Cham}
}

@article{brochu2010tutorial,
  title={A tutorial on {Bayesian} optimization of expensive cost functions, with application to active user modeling and hierarchical reinforcement learning},
  author={Brochu, Eric and Cora, Vlad M and De Freitas, Nando},
  journal={arXiv preprint arXiv:1012.2599},
  year={2010}
}

@article{shahriari2015taking,
  title={Taking the human out of the loop: A review of {Bayesian} optimization},
  author={Shahriari, Bobak and Swersky, Kevin and Wang, Ziyu and Adams, Ryan P and De Freitas, Nando},
  journal={Proceedings of the IEEE},
  volume={104},
  number={1},
  pages={148--175},
  year={2015},
  publisher={IEEE}
}

@inproceedings{movckus1975bayesian,
  title={On {Bayesian} methods for seeking the extremum},
  author={Mo{\v{c}}kus, Jonas},
  booktitle={Optimization techniques IFIP technical conference},
  pages={400--404},
  year={1975},
  organization={Springer}
}

@article{falkner2018bohb,
  title={BOHB: Robust and efficient hyperparameter optimization at scale},
  author={Falkner, Stefan and Klein, Aaron and Hutter, Frank},
  journal={arXiv preprint arXiv:1807.01774},
  year={2018}
}

@article{kuhn1955hungarian,
  title={The {Hungarian} method for the assignment problem},
  author={Kuhn, Harold W},
  journal={Naval research logistics quarterly},
  volume={2},
  number={1-2},
  pages={83--97},
  year={1955},
  publisher={Wiley Online Library}
}

@thesis{doll2015,
  title = {Konzeption, {{Planung}}, {{Konstruktion}} Und {{Integration}} Eines Miniaturisierten, Modularen {{Sch√ºttgutsortierers}}},
  institution = {Karlsruhe Institute of Technology},
  date = {2015-08},
  keywords = {tracksort},
  author = {Doll, Frederick},
  file = {/home/tobi/Documents/Masterarbeit/Doll - 2015 - Konzeption, Planung, Konstruktion und Integration .pdf}
}

@book{stone2013bayesian,
  title={Bayesian multiple target tracking},
  author={Stone, Lawrence D and Streit, Roy L and Corwin, Thomas L and Bell, Kristine L},
  year={2013},
  publisher={Artech House}
}

@article{musicki2009multiscan,
  title={Multiscan multitarget tracking in clutter with integrated track splitting filter},
  author={Musicki, Darko and Evans, Robin J},
  journal={IEEE Transactions on Aerospace and Electronic Systems},
  volume={45},
  number={4},
  pages={1432--1447},
  year={2009},
  publisher={IEEE}
}

@inproceedings{schoenecker2010maximum,
  title={Maximum likelihood probabilistic data association tracker applied to bistatic sonar data sets},
  author={Schoenecker, Steven and Willett, Peter and Bar-Shalom, Yaakov},
  booktitle={Signal and Data Processing of Small Targets 2010},
  volume={7698},
  pages={76980K},
  year={2010},
  organization={International Society for Optics and Photonics}
}

@article{blackman2004multiple,
  title={Multiple hypothesis tracking for multiple target tracking},
  author={Blackman, Samuel S},
  journal={IEEE Aerospace and Electronic Systems Magazine},
  volume={19},
  number={1},
  pages={5--18},
  year={2004},
  publisher={IEEE}
}

@article{fortmann1983sonar,
  title={Sonar tracking of multiple targets using joint probabilistic data association},
  author={Fortmann, Thomas and Bar-Shalom, Yaakov and Scheffe, Molly},
  journal={IEEE journal of Oceanic Engineering},
  volume={8},
  number={3},
  pages={173--184},
  year={1983},
  publisher={IEEE}
}

@article{khan2005mcmc,
  title={MCMC-based particle filtering for tracking a variable number of interacting targets},
  author={Khan, Zia and Balch, Tucker and Dellaert, Frank},
  journal={IEEE transactions on pattern analysis and machine intelligence},
  volume={27},
  number={11},
  pages={1805--1819},
  year={2005},
  publisher={IEEE}
}

@inproceedings{wu2006tracking,
  title={Tracking of multiple, partially occluded humans based on static body part detection},
  author={Wu, Bo and Nevatia, Ram},
  booktitle={2006 IEEE Computer Society Conference on Computer Vision and Pattern Recognition (CVPR'06)},
  volume={1},
  pages={951--958},
  year={2006},
  organization={IEEE}
}

@book{nocedal2006numerical,
  title={Numerical optimization},
  author={Nocedal, Jorge and Wright, Stephen},
  year={2006},
  publisher={Springer Science \& Business Media}
}

@article{vapnik1999overview,
  title={An overview of statistical learning theory},
  author={Vapnik, Vladimir N},
  journal={IEEE transactions on neural networks},
  volume={10},
  number={5},
  pages={988--999},
  year={1999},
  publisher={IEEE}
}


@article{suykens1999least,
  title={Least squares support vector machine classifiers},
  author={Suykens, Johan AK and Vandewalle, Joos},
  journal={Neural processing letters},
  volume={9},
  number={3},
  pages={293--300},
  year={1999},
  publisher={Springer}
}

@article{vert2004primer,
  title={A primer on kernel methods},
  author={Vert, Jean-Philippe and Tsuda, Koji and Sch{\"o}lkopf, Bernhard},
  journal={Kernel methods in computational biology},
  volume={47},
  pages={35--70},
  year={2004},
  publisher={MIT press Cambridge, MA}
}

@mastersthesis{hornberger2018,
  author       = {Hornberger, Tobias}, 
  title        = {{Ableitung} von {Bewegungsmodellen} f√ºr {Anwendungen} in der {Sch√ºttgutsortierung} mittels {Machine} {Learning} {(in German)}},
  school       = {Karlsruhe Institute of Technology},
  year         = 2018,
  month        = 12,
}

@artwork{fraunhoferiosb2017,
  title = {{{TableSort Sch√ºttgutsortierer}}},
  date = {2017-05-19},
  author = {{Fraunhofer IOSB}},
  file = {/home/tobi/Projects/KIT/MasterarbeitTobias/doc/img/trackSortPic.jpg}
}

@inproceedings{pieper2016numerical,
  location = {{Dalian, China}},
  title = {Numerical {{Investigation}} of {{Optical Sorting Using}} the {{Discrete Element Method}}},
  booktitle = {Proceedings of the 7th {{International Conference}} on {{Discrete Element Methods}} ({{DEM7}})},
  date = {2016-08},
  author = {Pieper, Christoph and Kruggel-Emden, Harald and Wirtz, Siegmar and Scherer, Viktor and Pfaff, Florian and Noack, Benjamin and Hanebeck, Uwe D. and Maier, Georg and Gruna, Robin and L√§ngle, Thomas and Beyerer, J√ºrgen},
}


@article{pieper2017numerical,
  title={Numerical Modelling of an Optical Belt Sorter Using a {{DEM}}--{{CFD}} Approach Coupled with Particle Tracking and Comparison with Experiments},
  author={Pieper, C. and Pfaff, F. and Maier, G. and Kruggel-Emden, H. and Wirtz, S. and Noack, B. and Gruna, R. and Scherer, V. and Hanebeck, U.D. and L{\"a}ngle, T. and {others}},
  journal={Powder Technology},
  volume={340},
  pages={181--193},
  year={2018},
  publisher={Elsevier}
}

@book{bar2004estimation,
  title={Estimation with applications to tracking and navigation: theory algorithms and software},
  author={Bar-Shalom, Yaakov and Li, X Rong and Kirubarajan, Thiagalingam},
  year={2001},
  publisher={John Wiley \& Sons}
}

@inproceedings{lu2014false,
  title={False information injection attack on dynamic state estimation in multi-sensor systems},
  author={Lu, Jingyang and Niu, Ruixin},
  booktitle={17th International Conference on Information Fusion (FUSION)},
  pages={1--8},
  year={2014},
  organization={IEEE}
}

@article{chapelle2002choosing,
  title={Choosing multiple parameters for support vector machines},
  author={Chapelle, Olivier and Vapnik, Vladimir and Bousquet, Olivier and Mukherjee, Sayan},
  journal={Machine learning},
  volume={46},
  number={1-3},
  pages={131--159},
  year={2002},
  publisher={Springer}
}

@inproceedings{foo2008efficient,
  title={Efficient multiple hyperparameter learning for log-linear models},
  author={Foo, Chuan-sheng and Do, Chuong B and Ng, Andrew Y},
  booktitle={Advances in neural information processing systems},
  pages={377--384},
  year={2008}
}

@article{dewancker2015bayesian,
  title={Bayesian optimization primer},
  author={Dewancker, Ian and McCourt, Michael and Clark, Scott},
  journal={https://app. sigopt. com/static/pdf/SigOpt\_ Bayesian\_Optimization\_Primer. pdf},
  year={2015}
}

@article{sherman1950adjustment,
  title={Adjustment of an inverse matrix corresponding to a change in one element of a given matrix},
  author={Sherman, Jack and Morrison, Winifred J},
  journal={The Annals of Mathematical Statistics},
  volume={21},
  number={1},
  pages={124--127},
  year={1950},
  publisher={JSTOR}
}

@inproceedings{snoek2012practical,
  title={Practical {{Bayesian}} optimization of machine learning algorithms},
  author={Snoek, Jasper and Larochelle, Hugo and Adams, Ryan P},
  booktitle={Advances in neural information processing systems},
  pages={2951--2959},
  year={2012}
}

@article{bull2011convergence,
  title={Convergence Rates of Efficient Global Optimization Algorithms.},
  author={Bull, Adam D},
  journal={Journal of Machine Learning Research},
  volume={12},
  number={10},
  year={2011}
}

@book{geron2019hands,
  title={Hands-on machine learning with Scikit-Learn, Keras, and TensorFlow: Concepts, tools, and techniques to build intelligent systems},
  author={G{\'e}ron, Aur{\'e}lien},
  year={2019},
  publisher={O'Reilly Media}
}

@article{pfaff2020predictive,
  title={Predictive tracking with improved motion models for optical belt sorting},
  author={Pfaff, Florian and Pieper, Christoph and Maier, Georg and Noack, Benjamin and Gruna, Robin and Kruggel-Emden, Harald and Hanebeck, Uwe D and Wirtz, Siegmar and Scherer, Viktor and L{\"a}ngle, Thomas and others},
  journal={Automatisierungstechnik},
  volume={68},
  number={4},
  pages={239--255},
  year={2020},
  publisher={De Gruyter}
}

@article{milan2016online,
  title={Online multi-target tracking using recurrent neural networks},
  author={Milan, Anton and Rezatofighi, Seyed Hamid and Dick, Anthony and Reid, Ian and Schindler, Konrad},
  journal={arXiv preprint arXiv:1604.03635},
  year={2016}
}

@article{wang2017survey,
  title={A survey of recent advances in particle filters and remaining challenges for multitarget tracking},
  author={Wang, Xuedong and Li, Tiancheng and Sun, Shudong and Corchado, Juan M},
  journal={Sensors},
  volume={17},
  number={12},
  pages={2707},
  year={2017},
  publisher={Multidisciplinary Digital Publishing Institute}
}

@article{poggio1985computational,
  title={Computational vision and regularization theory},
  author={Poggio, Tomaso and Torre, Vincent and Koch, Christof},
  journal={nature},
  volume={317},
  number={6035},
  pages={314--319},
  year={1985},
  publisher={Nature Publishing Group}
}

@article{evgeniou2000regularization,
  title={Regularization networks and support vector machines},
  author={Evgeniou, Theodoros and Pontil, Massimiliano and Poggio, Tomaso},
  journal={Advances in computational mathematics},
  volume={13},
  number={1},
  pages={1},
  year={2000},
  publisher={Springer}
}

@inproceedings{ng2004feature,
  title={Feature selection, {L1} vs. {L2} regularization, and rotational invariance},
  author={Ng, Andrew Y},
  booktitle={Proceedings of the twenty-first international conference on Machine learning},
  pages={78},
  year={2004}
}

@book{james2013introduction,
  title={An introduction to statistical learning},
  author={James, Gareth and Witten, Daniela and Hastie, Trevor and Tibshirani, Robert},
  volume={112},
  year={2013},
  publisher={Springer}
}

@book{balasubramanian2014conformal,
  title={Conformal prediction for reliable machine learning: theory, adaptations and applications},
  author={Balasubramanian, Vineeth and Ho, Shen-Shyang and Vovk, Vladimir},
  year={2014},
  publisher={Newnes}
}

@article{zsifkovits2020state,
  title={State-of-the-Art Analysis of the Usage and Potential of Automation in Logistics},
  author={Zsifkovits, Helmut and Woschank, Manuel and Ramingwong, Sakgasem and Wisittipanich, Warisa},
  journal={Industry 4.0 for SMEs},
  pages={193},
  year={2020},
  publisher={Palgrave Macmillan, Cham}
}

@article{wotruba2008stand,
  title={Stand der Technik der sensorgest{\"u}tzten Sortierung (in German)},
  author={Wotruba, Hermann},
  journal={BHM Berg-und H{\"u}ttenm{\"a}nnische Monatshefte},
  volume={153},
  number={6},
  pages={221--224},
  year={2008},
  publisher={Springer}
}

@book{mahler2007statistical,
  title={Statistical multisource-multitarget information fusion},
  author={Mahler, Ronald PS},
  year={2007},
  publisher={Artech House, Inc.}
}

@mastersthesis{thumm2020,
  author       = {Thumm, Jakob}, 
  title        = {Mixture of Experts of Neural Networks
and Kalman Filters for Optical Belt Sorting},
  school       = {Karlsruhe Institute of Technology},
  year         = 2020,
  month        = 9,
}